<?xml version="1.0" encoding="UTF-8"?><record xmlns="http://www.loc.gov/MARC21/slim" xmlns:cinclude="http://apache.org/cocoon/include/1.0" xmlns:zs="http://www.loc.gov/zing/srw/">
  <leader>00520cz  a2200133n  4500</leader>
  <controlfield tag="001">nr 90000955 </controlfield>
  <controlfield tag="003">DLC</controlfield>
  <controlfield tag="005">20120801083737.0</controlfield>
  <controlfield tag="008">900124n| acannaab           |n ana     c</controlfield>
  <datafield tag="010" ind1=" " ind2=" ">
    <subfield code="a">nr 90000955 </subfield>
  </datafield>
  <datafield tag="040" ind1=" " ind2=" ">
    <subfield code="a">NjP</subfield>
    <subfield code="b">eng</subfield>
    <subfield code="c">NjP</subfield>
    <subfield code="d">DLC</subfield>
  </datafield>
  <datafield tag="111" ind1="2" ind2=" ">
    <subfield code="a">PalaĚopathologisches Symposium</subfield>
    <subfield code="d">(1984 :</subfield>
    <subfield code="c">Liestal, Switzerland)</subfield>
  </datafield>
  <datafield tag="667" ind1=" " ind2=" ">
    <subfield code="a">THIS 1XX FIELD CANNOT BE USED UNDER RDA UNTIL THIS RECORD HAS BEEN REVIEWED AND/OR UPDATED</subfield>
  </datafield>
  <datafield tag="670" ind1=" " ind2=" ">
    <subfield code="a">Its Tagungsberichte zum PalaĚopathologischen Symposium in Liestal (Baselland), 21-23, Juni 1984, 1986.</subfield>
  </datafield>
</record>